@book{hanser:qualität,
  author    = {Wallmüller, Ernst},
  title     = {Software Qualitätsmanagement in der Praxis},
  date      = {2001},
  publisher = {Hanser},
  language  = {GER}
}
@book{dpunkt:basiswissensoftwaretest,
  author    = {Spillner, Andreas and Linz, Tilo},
  title     = {Basiswissen Softwaretest},
  date      = {2012-07},
  edition   = {5},
  publisher = {dpunkt.verlag GmbH},
  isbn      = {978-3-86490-024-2},
  language  = {GER}
}
@article{fagan:advances,
  author       = {Fagan, Michael E.},
  title        = {Advances in Software Inspections},
  journaltitle = {IEEE Transactions on Software Engineering},
  year         = {1986},
  language     = {ENG}
}
@article{fagan:design,
  author       = {Fagan, Michael E.},
  title        = {Design and code inspections to reduce errors in program development},
  journaltitle = {IBM Systems Journal},
  year         = {1976},
  language     = {ENG},
  pages        = {182-211}
}
@article{freedman:reviews,
  author       = {Weinberg, Gerald M. and Freedman, Daniel P.},
  title        = {Reviews, Walkthroughs, and Inspections},
  journaltitle = {IEEE Transactions on Software Engineering},
  year         = {1984},
  language     = {ENG}
}
